
@misc{pawel_25_2015,
	title = {25. {Fractions}, diagrammatically},
	url = {https://graphicallinearalgebra.net/2015/11/24/25-fractions-diagrammatically/},
	abstract = {I’ve been looking forward to this moment for some time. Now that we’ve gone through all of the equations of graphical linear algebra, it’s time to have some fun. In this episode w…},
	language = {en},
	urldate = {2023-02-20},
	journal = {Graphical Linear Algebra},
	author = {{pawel}},
	month = nov,
	year = {2015},
	file = {Snapshot:/Users/vincent/Zotero/storage/4A4PPDHT/25-fractions-diagrammatically.html:text/html},
}
